% Encoding: UTF8

%% BIBER ONLY


@ONLINE{wiki2015a,
	title        = {M\"obius Strip},
	author       = {Alexander Bogomolny},
	url          = {http://www.cut-the-knot.org/do_you_know/moebius.shtml},
	organisation = {Cut The Knot},
	urlday       = {5},
	urlmonth     = {3},
	urlyear      = {2015}
}
	

@ONLINE{asicdigitaldesign2015,
	title        = {The Johnson Counter},
	author       = {Nir Dahan},
	url          = {https://asicdigitaldesign.wordpress.com/2007/08/20/the-johnson-counter/},
	organisation = {Adventures in ASIC},
	urlday       = {21},
	urlmonth     = {2},
	urlyear      = {2015}
}

@ONLINE{datasheetcd4017b,
	title        = {Datasheet CD4017B},
	author       = {Texas Instruments},
	url          = {http://www.ti.com/lit/ds/symlink/cd4017b.pdf},
	month        = {2},
	year         = {2004},
	urlday       = {21},
	urlmonth     = {2},
	urlyear      = {2015}
}

@Book{zwolinski2004,
	Title        = {Digital System Design with VHDL},
	Author       = {Mark Zwoli\'nski},
	Prrusublisher    = {Pearson},
	Year         = {2004},
	Edition      = {2},
	ISBN         = {0-13-039985-X},
}

@ONLINE{keen2015,
	title        = {Digital Generation of LFO's for Modulating Effects},
	author       = {R.G. Keen},
	url          = {http://www.geofex.com/article_folders/lfos/psuedorandom.htm},
	organisation = {Geofex},
	urlday       = {22},
	urlmonth     = {2},
	urlyear      = {2015}
}

@misc{harris2002,
	title        = {Precision phase generator},
	author       = {Harris, William A.},
	url          = {http://worldwide.espacenet.com/publicationDetails/originalDocument?FT=D&date=20020711&DB=&locale=en_EP&CC=WO&NR=02054598A2&KC=A2&ND=4},
	day          = {11},
	month        = {7},
	year         = {2002},
	note         = {Patent WO 02/054598 A2},
	urlday       = {22},
	urlmonth     = {2},
	urlyear      = {2015}
}

@Techreport{kuiper2015,
	title        = {Voorbeeldcircuit afstandsdetectie},
	author       = {B. Kuiper},
	institution  = {The Hague University of Applied Sciences},
	year         = {2015},
	%date         = {18-01-2015},
	type         = {Internal Report},
	version      = {1.1},
	language     = {dutch}
}

@BOOK{thijssen2000,
	title        = {Digitale Techniek, van probleemstelling tot realisatie deel 2},
	publisher    = {Delft University Press},
	year         = {2000},
	author       = {A.P. Thijssen and H.A. Vink},
	edition      = {5},
	isbn         = {90-407-1838-5},
	language     = {dutch}
}

@ONLINE{electroschematics2015,
	title        = {16 x IC 4017 Circuits and Projects},
	url          = {http://www.electroschematics.com/tag/4017-circuits/},
	organisation = {Electroschematics},
	urlday       = {22},
	urlmonth     = {2},
	urlyear      = {2015}
}

@ONLINE{harrison2015,
	title        = {Build a Nixie Tube Digital Clock},
	author       = {Mike Harrison},
	url          = {http://www.electricstuff.co.uk/nixclock.html},
	organisation = {Mike's Electric Stuff},
	urlday       = {22},
	urlmonth     = {2},
	urlyear      = {2015}
}

@BOOK{weste2011,
	title        = {CMOS VLSI Design, A Circuits and Systems Perspective},
	publisher    = {Addison-Wesley},
	year         = {2011},
	author       = {Neil H. E. Weste and David Money Harris},
	pages        = {393--394},
	edition      = {4},
	isbn         = {978-0-321-54774-3},
}

@ONLINE{datasheetcd4026b,
	title        = {Datasheet CD4026B and CD4033B},
	author       = {Texas Instruments},
	url          = {http://www.ti.com/lit/ds/symlink/cd4026b.pdf},
	year         = {2003},
	urlday       = {22},
	urlmonth     = {2},
	urlyear      = {2015}
}

@Book{cohen2002,
	Title        = {Real Chip Design and Verification Using Verilog and VHDL},
	Author       = {Ben Cohen},
	Publisher    = {VhdlCohen Publishing},
	Year         = {2002},
	ISBN         = {0-9705394-2-8},
}

@Book{purkayastha2015,
	Title        = {A Digital Phase Locked Loop based Signal and Symbol Recovery System for Wireless Channel},
	Author       = {Basab Bijoy Purkayastha and Kandarpa Kumar Sarma},
	Publisher    = {VhdlCohen Publishing},
	Year         = {2015},
	Pages        = {108},
	ISBN         = {978-81-322-2041-1},
}

@book{marston1996,
	Title        = {Modern CMOS Circuits Manual},
	Author       = {Marston, R.M.},
	Publisher    = {Newnes},
	Year         = {1996},
	ISBN         = {0-7506-2565-1},
	Pages        = {178--179}
}

@INPROCEEDINGS{amann1988, 
	author       = {Amann, R. and Eschermann, B. and Baitinger, U.G.}, 
	booktitle    = {Computer Design: VLSI in Computers and Processors, 1988. ICCD '88., Proceedings of the 1988 IEEE International Conference on}, 
	title        = {PLA based finite state machines using Johnson counters as state memories}, 
	year         = {1988}, 
	month        = {Oct}, 
	pages        = {267-270}, 
	keywords     = {finite automata;logic arrays;state assignment;D-latch-based FSM;Johnson counters;PLA based finite state machines;state assignment technique;state memories;Automata;Combinational circuits;Counting circuits;Design methodology;Design optimization;Hardware;Logic design;Minimization;Programmable logic arrays;Very large scale integration}, 
	doi          = {10.1109/ICCD.1988.25704},
}

@book{wakerly2008,
	title        = {Digital Design: Principles And Practices, 4/E},
	author       = {Wakerly, John F.},
	isbn         = {9788131713662},
	edition      = {4},
	year         = {2008},
	publisher    = {Pearson Education},
}

@ARTICLE{brcic1965, 
	author       = {Brcic, I.}, 
	journal      = {Electronic Computers, IEEE Transactions on}, 
	title        = {``Ideally Fast'' Decimal Counters with Bistables}, 
	year         = {1965}, 
	month        = {Oct}, 
	volume       = {EC-14}, 
	number       = {5}, 
	pages        = {733--737}, 
	keywords     = {Boolean functions;Counting circuits;Delay;Equations;Multivalued logic;Relays;Switching circuits}, 
	doi          = {10.1109/PGEC.1965.264219}, 
}

@book{goresky2012algebraic,
	title        = {Algebraic Shift Register Sequences},
	author       = {Goresky, M. and Klapper, A.},
	isbn         = {9781107014992},
	year         = {2012},
	publisher    = {Cambridge University Press}
}

@book{morrismano2006,
	title        = {Digital Design},
	author       = {Morris Mano, M. and Ciletti, M.D.},
	isbn         = {978-0131989245},
	year         = {2006},
	publisher    = {Prentice Hall}
}

@ARTICLE{manley1950, 
	author       = {Manley, J.C. and Buckley, E.F.}, 
	journal      = {Electronics}, 
	title        = {Ring Counter}, 
	year         = {1950}, 
	month        = {Jan}, 
	volume       = {EC-14}, 
	number       = {5}, 
	pages        = {84--87}, 
	keywords     = {Boolean functions;Counting circuits;Delay;Equations;Multivalued logic;Relays;Switching circuits}, 
	doi          = {10.1109/PGEC.1965.264219}, 
}

@ONLINE{dekker2015,
	title        = {Ring Counter Variations},
	author       = {Ronald Dekker},
	url          = {http://www.dos4ever.com/ring/ring.html},
	urlday       = {27},
	urlmonth     = {2},
	urlyear      = {2015}
}

@misc{linfw1975,
	title        = {Stepping motor drive circuit},
	author       = {Lin, F.W.},
	url          = {http://worldwide.espacenet.com/publicationDetails/biblio?DB=EPODOC&II=0&ND=1&at=7&locale=en_EP&FT=D&CC=US&NR=3893012A&KC=A},
	institution  = {Qume Corporation},
	year         = {1975},
	month        = jul # "~1",
	note         = {US Patent 3,893,012}
}

@ONLINE{allaboutcircuits2015,
	title        = {Ring Counter},
	author       = {All About Circuits},
	url          = {http://www.allaboutcircuits.com/vol_4/chpt_12/6.html},
	urlday       = {28},
	urlmonth     = {2},
	urlyear      = {2015}
}

@ONLINE{datasheetcd4022b,
	title        = {Datasheet CD4022B},
	author       = {Texas Instruments},
	url          = {http://www.ti.com/lit/ds/symlink/cd4022b.pdf},
	month        = {2},
	year         = {2004},
	urlday       = {21},
	urlmonth     = {2},
	urlyear      = {2015}
}

@book{wilson2011,
	title        = {Design Recipes for FPGAs: Using Verilog and VHDL},
	author       = {Wilson, P.},
	isbn         = {9780080548425},
	year         = {2011},
	pages        = {235},
	publisher    = {Elsevier Science}
}


